@ARTICLE{2008MNRAS.386..492D,
   author = {{Dijkstra}, M. and {Loeb}, A.},
    title = "{The polarization of scattered Ly{$\alpha$} radiation around high-redshift galaxies}",
  journal = {\mnras},
archivePrefix = "arXiv",
   eprint = {0711.2312},
 keywords = {line: formation , polarization , scattering , galaxies: high-redshift , cosmology: theory},
     year = 2008,
    month = may,
   volume = 386,
    pages = {492-504},
      doi = {10.1111/j.1365-2966.2008.13066.x},
   adsurl = {http://adsabs.harvard.edu/abs/2008MNRAS.386..492D},
  adsnote = {Provided by the SAO/NASA Astrophysics Data System}
}

@ARTICLE{1998A&A...332..732B,
   author = {{Brasken}, M. and {Kyrola}, E.},
    title = "{Resonance scattering of Lyman alpha from interstellar hydrogen}",
  journal = {\aap},
 keywords = {ATOMIC PROCESSES, SCATTERING, ISM: GENERAL, POLARIZATION},
     year = 1998,
    month = apr,
   volume = 332,
    pages = {732-738},
   adsurl = {http://adsabs.harvard.edu/abs/1998A%26A...332..732B},
  adsnote = {Provided by the SAO/NASA Astrophysics Data System}
}


@INCOLLECTION{1888Rayleigh,
    author = {{John William Strutt, Lord Rayleigh}},
    title  = {{Wave Theory of Light}},
    pages   =  {47-189},
    booktitle= {{Scientific Papers}},
    volume   = {III},
    publisher= {{Cambridge University Press}},
    year    = 1902
}



@PHDTHESIS{2010PhDT.......254L,
   author = {{Laursen}, P.},
    title = "{Interpreting Lyman {$\alpha$} radiation from young, dusty galaxies}",
   school = {Dark Cosmology Centre, Niels Bohr Institute Faculty of Science, University of Copenhagen},
     year = 2010,
    month = August,
   adsurl = {http://adsabs.harvard.edu/abs/2010PhDT.......254L},
  adsnote = {Provided by the SAO/NASA Astrophysics Data System}
}

@INPROCEEDINGS{2013ASSL..396...45Z,
   author = {{Zaroubi}, S.},
    title = "{The Epoch of Reionization}",
 keywords = {Physics},
booktitle = {Astrophysics and Space Science Library},
     year = 2013,
   series = {Astrophysics and Space Science Library},
   volume = 396,
archivePrefix = "arXiv",
   eprint = {1206.0267},
 primaryClass = "astro-ph.CO",
   editor = {{Wiklind}, T. and {Mobasher}, B. and {Bromm}, V.},
    pages = {45},
      doi = {10.1007/978-3-642-32362-1_2},
   adsurl = {http://adsabs.harvard.edu/abs/2013ASSL..396...45Z},
  adsnote = {Provided by the SAO/NASA Astrophysics Data System}
}

@BOOK{1992nrfa.book.....P,
   author = {{Press}, W.~H. and {Teukolsky}, S.~A. and {Vetterling}, W.~T. and {Flannery}, B.~P.},
    title = "{Numerical recipes in FORTRAN. The art of scientific computing}",
booktitle = {Cambridge: University Press, |c1992, 2nd ed.},
     year = 1992,
   adsurl = {http://adsabs.harvard.edu/abs/1992nrfa.book.....P},
  adsnote = {Provided by the SAO/NASA Astrophysics Data System}
}

@BOOK{2003moco.book.....D,
   author = {{Dodelson}, S.},
    title = "{Modern {C}osmology}",
 keywords = {Cosmology},
booktitle = {Modern cosmology / Scott Dodelson.~Amsterdam (Netherlands): Academic Press.~ISBN 0-12-219141-2, 2003, XIII + 440 p.},
     year = 2003,
publisher = {Elsevier},
   adsurl = {http://adsabs.harvard.edu/abs/2003moco.book.....D},
  adsnote = {Provided by the SAO/NASA Astrophysics Data System}
}

@BOOK{Rutten:2003,
   author = {{Rutten}, R. J.},
    title = "{Radiative Transfer in Stellar Atmospheres}",
     year = 2003,
     publisher = "{Utrecht University} lecture notes",
     edition= {8th}
}

@ARTICLE{2006astro.ph..6683C,
   author = {{Callin}, P.},
    title = "{How to calculate the CMB spectrum}",
  journal = {ArXiv Astrophysics e-prints},
   eprint = {astro-ph/0606683},
 keywords = {Astrophysics},
     year = 2006,
    month = jun,
   adsurl = {http://adsabs.harvard.edu/abs/2006astro.ph..6683C},
  adsnote = {Provided by the SAO/NASA Astrophysics Data System}
}

@ARTICLE{1995ApJ...455....7M,
   author = {{Ma}, C.-P. and {Bertschinger}, E.},
    title = "{Cosmological Perturbation Theory in the Synchronous and Conformal Newtonian Gauges}",
  journal = {\apj},
   eprint = {astro-ph/9506072},
 keywords = {COSMOLOGY: COSMIC MICROWAVE BACKGROUND, COSMOLOGY: THEORY, COSMOLOGY: LARGE-SCALE STRUCTURE OF UNIVERSE, GRAVITATION, COSMOLOGY: DARK MATTER, ELEMENTARY PARTICLES},
     year = 1995,
    month = dec,
   volume = 455,
    pages = {7},
      doi = {10.1086/176550},
   adsurl = {http://adsabs.harvard.edu/abs/1995ApJ...455....7M},
  adsnote = {Provided by the SAO/NASA Astrophysics Data System}
}

@ARTICLE{1968ApJ...153....1P,
   author = {{Peebles}, P.~J.~E.},
    title = "{Recombination of the Primeval Plasma}",
  journal = {\apj},
     year = 1968,
    month = jul,
   volume = 153,
    pages = {1},
      doi = {10.1086/149628},
   adsurl = {http://adsabs.harvard.edu/abs/1968ApJ...153....1P},
  adsnote = {Provided by the SAO/NASA Astrophysics Data System}
}

@MANUAL{2014Eriksen_m3,
    author = {{Eriksen}, Hans-Kristian},
    title = "{Milestone 3: The evolution of structures in the universe}",
    year = 2014,
    month = mar
}
